@misc{Github:Lore,
title = {Stalker-bot},
author = {Davide Di Molfetta, Lorenzo Venerandi},
note = {\url{https://github.com/Lore09/Stalker-bot}}
}

@misc{Github:Mjrovai,
title = {Download Windows port per FREERTOS},
author = {Face Recognition With OpenCV},
note = {\url{https://github.com/Mjrovai/OpenCV-Face-Recognition}}
}

@misc{Python:OpenCV,
title = {OpenCV},
author = {OpenCV},
note = {\url{https://opencv.org}}
}

@misc{Thingiverse:Lore,
title = {Modellazione 3D},
author = {nahueltaibo},
note = {\url{https://www.thingiverse.com/thing:2527319}}
}
